@Article{ormerod2021automated,
  author  = {Ormerod, Christopher M. and Malhotra, Akanksha and Jafari, Amir},
  journal = {{arXiv} preprint {arXiv}:2102.13136},
  title   = {Automated essay scoring using efficient transformer-based language models},
  year    = {2021},
}

@Article{ormerod2022short,
  author  = {Ormerod, Christopher},
  journal = {arXiv preprint arXiv:2202.11558},
  title   = {Short-answer scoring with ensembles of pretrained language models},
  year    = {2022},
}

@Article{ormerod2022automated,
  author    = {Ormerod, Christopher and Lottridge, Susan and Harris, Amy E and Patel, Milan and van Wamelen, Paul and Kodeswaran, Balaji and Woolf, Sharon and Young, Mackenzie},
  journal   = {International Journal of Artificial Intelligence in Education},
  title     = {Automated short answer scoring using an ensemble of neural networks and latent semantic analysis classifiers},
  year      = {2022},
  pages     = {1--30},
  publisher = {Springer},
}

@InProceedings{riordan2020,
  author    = {Riordan, Brian and Bichler, Sarah and Bradford, Allison and Chen, Jennifer King and Wiley, Korah and Gerard, Libby and Linn, Marcia C},
  booktitle = {Proceedings of the fifteenth workshop on innovative use of NLP for building educational applications},
  title     = {An empirical investigation of neural methods for content scoring of science explanations},
  year      = {2020},
  pages     = {135--144},
}

@Article{cimpian2017,
  author    = {Cimpian, Joseph R and Thompson, Karen D and Makowski, Martha B},
  journal   = {American Educational Research Journal},
  title     = {Evaluating English learner reclassification policy effects across districts},
  year      = {2017},
  number    = {1\_suppl},
  pages     = {255S--278S},
  volume    = {54},
  publisher = {SAGE Publications Sage CA: Los Angeles, CA},
}

@InProceedings{ets2005,
  author   = {{Educational Testing Service}},
  title    = {Test and Score Data Summary: 2004-05 Test Year Data Test of English as a Foreign Language},
  year     = {2005},
  abstract = {This edition of the TOEFL Test And Score Data Summary contains data on the performance of examinees who took the computer-based TOEFL test and those who took the paper-based TOEFL test between July 2004 and June 2005. Data from previous testing periods can be found on the Web site at www.ets.org/toefl.},
  file     = {:/home/alexander/current/mbela/lit/language_assessment/ETS/ETS (2005) TOEFL iBT data summary - num of examinees.pdf:PDF},
}

@Article{blodgett2020,
  author  = {Blodgett, Su Lin and Barocas, Solon and Daum{\'e} III, Hal and Wallach, Hanna},
  journal = {arXiv preprint arXiv:2005.14050},
  title   = {Language (technology) is power: A critical survey of" bias" in nlp},
  year    = {2020},
}

@InProceedings{wang2021automated,
  author       = {Wang, Xinhao and Evanini, Keelan and Qian, Yao and Mulholland, Matthew},
  booktitle    = {2021 IEEE Spoken Language Technology Workshop (SLT)},
  title        = {Automated scoring of spontaneous speech from young learners of english using transformers},
  year         = {2021},
  organization = {IEEE},
  pages        = {705--712},
}

@Article{winke2013,
  author    = {Winke, Paula and Gass, Susan and Myford, Carol},
  journal   = {Language Testing},
  title     = {Ratersâ€™ L2 background as a potential source of bias in rating oral performance},
  year      = {2013},
  number    = {2},
  pages     = {231--252},
  volume    = {30},
  publisher = {Sage Publications Sage UK: London, England},
}

@Article{kang2021social,
  author    = {Kang, Okim and Yaw, Katherine},
  journal   = {Journal of Multilingual and Multicultural Development},
  title     = {Social judgement of L2 accented speech stereotyping and its influential factors},
  year      = {2021},
  pages     = {1--16},
  publisher = {Taylor \& Francis},
}

@Article{greenwald1995,
  author    = {Greenwald, Anthony G and Banaji, Mahzarin R},
  journal   = {Psychological review},
  title     = {Implicit social cognition: attitudes, self-esteem, and stereotypes.},
  year      = {1995},
  number    = {1},
  pages     = {4},
  volume    = {102},
  publisher = {American Psychological Association},
}

@Article{spencer2016,
  author    = {Spencer, Steven J and Logel, Christine and Davies, Paul G},
  journal   = {Annual review of psychology},
  title     = {Stereotype threat},
  year      = {2016},
  pages     = {415--437},
  volume    = {67},
  publisher = {Annual Reviews},
}

@Article{devlin2018,
  author  = {Devlin, Jacob and Chang, Ming-Wei and Lee, Kenton and Toutanova, Kristina},
  journal = {arXiv preprint arXiv:1810.04805},
  title   = {Bert: Pre-training of deep bidirectional transformers for language understanding},
  year    = {2018},
}

@Article{michaelides2008,
  author  = {Michaelides, Michalis P},
  journal = {Practical Assessment, Research, and Evaluation},
  title   = {An illustration of a Mantel-Haenszel procedure to flag misbehaving common items in test equating},
  year    = {2008},
  number  = {1},
  pages   = {7},
  volume  = {13},
}

@InProceedings{chan2022training,
  author    = {Chan, May Pik Yu and Choe, June and Li, Aini and Chen, Yiran and Gao, Xin and Holliday, Nicole},
  booktitle = {Proceedings of the 23rd Conference of the International Speech Communication Association},
  title     = {Training and typological bias in ASR performance for world Englishes},
  year      = {2022},
}

@Article{angoff1993,
  author    = {Angoff, William H},
  title     = {Perspectives on differential item functioning methodology.},
  year      = {1993},
  publisher = {Lawrence Erlbaum Associates, Inc},
}

@Article{han2015rater,
  author  = {Han, Qie},
  journal = {Columbia University Working Papers in TESOL & Applied Linguistics},
  title   = {Rater cognition in L2 speaking assessment: A review of the literature},
  year    = {2015},
  number  = {1},
  volume  = {16},
}

@Book{kunnan2017evaluating,
  author    = {Kunnan, Antony John},
  publisher = {Taylor \& Francis},
  title     = {Evaluating language assessments},
  year      = {2017},
}

@Article{zumbo2007,
  author    = {Zumbo, Bruno D},
  journal   = {Language assessment quarterly},
  title     = {Three generations of DIF analyses: Considering where it has been, where it is now, and where it is going},
  year      = {2007},
  number    = {2},
  pages     = {223--233},
  volume    = {4},
  publisher = {Taylor \& Francis},
}

@Article{huang2018english,
  author    = {Huang, Becky H and Flores, Belinda Bustos},
  journal   = {Language Assessment Quarterly},
  title     = {The English language proficiency assessment for the 21st century (ELPA21)},
  year      = {2018},
  number    = {4},
  pages     = {433--442},
  volume    = {15},
  publisher = {Taylor \& Francis},
}

@Book{ccsso2012framework,
  author    = {{Council of Chief State School Officers}},
  publisher = {ERIC Clearinghouse},
  title     = {Framework for English language proficiency development standards corresponding to the Common Core State Standards and the Next Generation Science Standards},
  year      = {2012},
}

@Book{luoma2004assessing,
  author    = {Luoma, Sari},
  publisher = {Cambridge University Press},
  title     = {Assessing speaking},
  year      = {2004},
}

@Article{engelhard2002monitoring,
  author  = {Engelhard, G},
  journal = {Large-scale assessment programs for all students: Validity, technical adequacy, and implementation},
  title   = {Monitoring raters in performance assessments},
  year    = {2002},
  pages   = {261--287},
}

@Article{koenecke2020racial,
  author    = {Koenecke, Allison and Nam, Andrew and Lake, Emily and Nudell, Joe and Quartey, Minnie and Mengesha, Zion and Toups, Connor and Rickford, John R and Jurafsky, Dan and Goel, Sharad},
  journal   = {Proceedings of the National Academy of Sciences},
  title     = {Racial disparities in automated speech recognition},
  year      = {2020},
  number    = {14},
  pages     = {7684--7689},
  volume    = {117},
  publisher = {National Acad Sciences},
}

@InProceedings{zechner2009,
  author    = {Zechner, Klaus},
  booktitle = {International Workshop on Speech and Language Technology in Education},
  title     = {What did they actually say? Agreement and disagreement among transcribers of non-native spontaneous speech responses in an English proficiency test},
  year      = {2009},
}

@Article{dorans1986,
  author    = {Dorans, Neil J and Kulick, Edward},
  journal   = {Journal of educational measurement},
  title     = {Demonstrating the utility of the standardization approach to assessing unexpected differential item performance on the Scholastic Aptitude Test},
  year      = {1986},
  number    = {4},
  pages     = {355--368},
  volume    = {23},
  publisher = {Wiley Online Library},
}

@Article{zwick1993assessment,
  author    = {Zwick, Rebecca and Donoghue, John R and Grima, Angela},
  journal   = {Journal of Educational Measurement},
  title     = {Assessment of differential item functioning for performance tasks},
  year      = {1993},
  number    = {3},
  pages     = {233--251},
  volume    = {30},
  publisher = {Wiley Online Library},
}

@Article{naep2001,
  author    = {Allen, Nancy L and Donoghue, John R and Schoeps, Terry L},
  journal   = {Education Statistics Quarterly},
  title     = {The NAEP 1998 technical report.},
  year      = {2001},
  number    = {4},
  pages     = {95--98},
  volume    = {3},
  publisher = {ERIC},
}

@Article{mantel1963,
  author    = {Mantel, Nathan},
  journal   = {Journal of the American Statistical Association},
  title     = {Chi-square tests with one degree of freedom; extensions of the Mantel-Haenszel procedure},
  year      = {1963},
  number    = {303},
  pages     = {690--700},
  volume    = {58},
  publisher = {Taylor \& Francis},
}

@Book{efron1994,
  author    = {Efron, Bradley and Tibshirani, Robert J},
  publisher = {CRC press},
  title     = {An introduction to the bootstrap},
  year      = {1994},
}

@Article{sun2019mitigating,
  author  = {Sun, Tony and Gaut, Andrew and Tang, Shirlyn and Huang, Yuxin and ElSherief, Mai and Zhao, Jieyu and Mirza, Diba and Belding, Elizabeth and Chang, Kai-Wei and Wang, William Yang},
  journal = {arXiv preprint arXiv:1906.08976},
  title   = {Mitigating gender bias in natural language processing: Literature review},
  year    = {2019},
}

@Article{woods2013,
  author    = {Woods, Carol M and Cai, Li and Wang, Mian},
  journal   = {Educational and Psychological Measurement},
  title     = {The Langer-improved Wald test for DIF testing with multiple groups: Evaluation and comparison to two-group IRT},
  year      = {2013},
  number    = {3},
  pages     = {532--547},
  volume    = {73},
  publisher = {Sage Publications Sage CA: Los Angeles, CA},
}

@Article{lindemann2013reliably,
  author    = {Lindemann, Stephanie and Subtirelu, Nicholas},
  journal   = {Language Learning},
  title     = {Reliably biased: The role of listener expectation in the perception of second language speech},
  year      = {2013},
  number    = {3},
  pages     = {567--594},
  volume    = {63},
  publisher = {Wiley Online Library},
}

@Article{derwing2013development,
  author    = {Derwing, Tracey M and Munro, Murray J},
  journal   = {Language learning},
  title     = {The development of L2 oral language skills in two L1 groups: A 7-year study},
  year      = {2013},
  number    = {2},
  pages     = {163--185},
  volume    = {63},
  publisher = {Wiley Online Library},
}

@Article{denies2022mapping,
  author    = {Denies, Katrijn and Heyvaert, Liesbet and Dockx, Jonas and Janssen, Rianne},
  journal   = {Learning and Instruction},
  title     = {Mapping and explaining the gender gap in studentsâ€™ second language proficiency across skills, countries and languages},
  year      = {2022},
  pages     = {101618},
  volume    = {80},
  publisher = {Elsevier},
}

@Article{stanovsky2019evaluating,
  author  = {Stanovsky, Gabriel and Smith, Noah A and Zettlemoyer, Luke},
  journal = {arXiv preprint arXiv:1906.00591},
  title   = {Evaluating gender bias in machine translation},
  year    = {2019},
}

@Article{kiritchenko2018examining,
  author  = {Kiritchenko, Svetlana and Mohammad, Saif M},
  journal = {arXiv preprint arXiv:1805.04508},
  title   = {Examining gender and race bias in two hundred sentiment analysis systems},
  year    = {2018},
}

@Article{wang2018monitoring,
  author    = {Wang, Zhen and Zechner, Klaus and Sun, Yu},
  journal   = {Language Testing},
  title     = {Monitoring the performance of human and automated scores for spoken responses},
  year      = {2018},
  number    = {1},
  pages     = {101--120},
  volume    = {35},
  publisher = {SAGE Publications Sage UK: London, England},
}

@Article{collier2020test,
  author    = {Collier, Jo-Kate and Huang, Becky},
  journal   = {Language Assessment Quarterly},
  title     = {Test review: Texas English language proficiency assessment system (TELPAS)},
  year      = {2020},
  number    = {2},
  pages     = {221--230},
  volume    = {17},
  publisher = {Taylor \& Francis},
}

@Book{aera2014,
  author    = {{American Educational Research Association} and {American Psychological Association} and {National Council on Measurement in Education}},
  publisher = {American Educational Research Association},
  title     = {Standards for educational and psychological testing},
  year      = {2014},
}

@Book{brown2005encyclopedia,
  author    = {Brown, Keith},
  publisher = {Elsevier},
  title     = {Encyclopedia of language and linguistics},
  year      = {2005},
  volume    = {1},
}

@Article{benjamini1995controlling,
  author    = {Benjamini, Yoav and Hochberg, Yosef},
  journal   = {Journal of the Royal statistical society: series B (Methodological)},
  title     = {Controlling the false discovery rate: a practical and powerful approach to multiple testing},
  year      = {1995},
  number    = {1},
  pages     = {289--300},
  volume    = {57},
  publisher = {Wiley Online Library},
}

@Article{williams1999controlling,
  author    = {Williams, Valerie SL and Jones, Lyle V and Tukey, John W},
  journal   = {Journal of educational and behavioral statistics},
  title     = {Controlling error in multiple comparisons, with examples from state-to-state differences in educational achievement},
  year      = {1999},
  number    = {1},
  pages     = {42--69},
  volume    = {24},
  publisher = {Sage Publications},
}

@Article{paszke_pytorch_2019,
  author     = {Paszke, Adam and Gross, Sam and Massa, Francisco and Lerer, Adam and Bradbury, James and Chanan, Gregory and Killeen, Trevor and Lin, Zeming and Gimelshein, Natalia and Antiga, Luca},
  journal    = {Advances in neural information processing systems},
  title      = {Pytorch: An imperative style, high-performance deep learning library},
  year       = {2019},
  pages      = {8026--8037},
  volume     = {32},
  shorttitle = {Pytorch},
}

@Report{python_software_foundation_python_2022,
  author  = {{Python Software Foundation}},
  title   = {The Python Language Reference},
  url     = {https://docs.python.org/3.8/reference/},
  urlyear = {2022-08-01},
  year    = {2022},
}

@InProceedings{wolf_transformers_2020,
  author     = {Wolf, Thomas and Chaumond, Julien and Debut, Lysandre and Sanh, Victor and Delangue, Clement and Moi, Anthony and Cistac, Pierric and Funtowicz, Morgan and Davison, Joe and Shleifer, Sam},
  booktitle  = {Proceedings of the 2020 Conference on Empirical Methods in Natural Language Processing: System Demonstrations},
  title      = {Transformers: State-of-the-art natural language processing},
  year       = {2020},
  pages      = {38--45},
  shorttitle = {Transformers},
}

@Article{essa2015,
  author  = {{Every Student Succeeds Act}},
  journal = {Pubic Law},
  title   = {Every student succeeds act (ESSA)},
  year    = {2015},
  pages   = {114--95},
}

@Article{irwin2021report,
  author    = {Irwin, V{\'e}ronique and Zhang, Jijun and Wang, Xiaolei and Hein, Sarah and Wang, Ke and Roberts, Ashley and York, Christina and Barmer, Amy and Bullock Mann, Farrah and Dilig, Rita and others},
  journal   = {National Center for Education Statistics},
  title     = {Report on the Condition of Education 2021. NCES 2021-144.},
  year      = {2021},
  publisher = {ERIC},
}

@Article{evanini2017approaches,
  author    = {Evanini, Keelan and Hauck, Maurice Cogan and Hakuta, Kenji},
  journal   = {ETS Research Report Series},
  title     = {Approaches to automated scoring of speaking for K--12 English language proficiency assessments},
  year      = {2017},
  number    = {1},
  pages     = {1--11},
  volume    = {2017},
  publisher = {Wiley Online Library},
}

@Article{saal1980,
  author    = {Saal, Frank E and Downey, Ronald G and Lahey, Mary A},
  journal   = {Psychological bulletin},
  title     = {Rating the ratings: Assessing the psychometric quality of rating data.},
  year      = {1980},
  number    = {2},
  pages     = {413},
  volume    = {88},
  publisher = {American Psychological Association},
}

@Article{engelhard1994examining,
  author    = {Engelhard, George},
  journal   = {Journal of educational measurement},
  title     = {Examining rater errors in the assessment of written composition with a many-faceted Rasch model},
  year      = {1994},
  number    = {2},
  pages     = {93--112},
  volume    = {31},
  publisher = {Wiley Online Library},
}

@Article{bejar2011validity,
  author    = {Bejar, Isaac I},
  journal   = {Assessment in Education: Principles, Policy \& Practice},
  title     = {A validity-based approach to quality control and assurance of automated scoring},
  year      = {2011},
  number    = {3},
  pages     = {319--341},
  volume    = {18},
  publisher = {Taylor \& Francis},
}

@Article{zhao2018gender,
  author  = {Zhao, Jieyu and Wang, Tianlu and Yatskar, Mark and Ordonez, Vicente and Chang, Kai-Wei},
  journal = {arXiv preprint arXiv:1804.06876},
  title   = {Gender bias in coreference resolution: Evaluation and debiasing methods},
  year    = {2018},
}

@Article{greenwald2006implicit,
  author    = {Greenwald, Anthony G and Krieger, Linda Hamilton},
  journal   = {California law review},
  title     = {Implicit bias: Scientific foundations},
  year      = {2006},
  number    = {4},
  pages     = {945--967},
  volume    = {94},
  publisher = {JSTOR},
}

@Article{karpinski2001attitudes,
  author    = {Karpinski, Andrew and Hilton, James L},
  journal   = {Journal of personality and social psychology},
  title     = {Attitudes and the implicit association test.},
  year      = {2001},
  number    = {5},
  pages     = {774},
  volume    = {81},
  publisher = {American Psychological Association},
}

@Article{park2007implicit,
  author    = {Park, Jaihyun and Felix, Karla and Lee, Grace},
  journal   = {Basic and Applied Social Psychology},
  title     = {Implicit attitudes toward Arab-Muslims and the moderating effects of social information},
  year      = {2007},
  number    = {1},
  pages     = {35--45},
  volume    = {29},
  publisher = {Taylor \& Francis},
}

@InProceedings{zhang2018mitigating,
  author    = {Zhang, Brian Hu and Lemoine, Blake and Mitchell, Margaret},
  booktitle = {Proceedings of the 2018 AAAI/ACM Conference on AI, Ethics, and Society},
  title     = {Mitigating unwanted biases with adversarial learning},
  year      = {2018},
  pages     = {335--340},
}

@Misc{anderson2015elpa21,
  author = {Anderson, David P},
  title  = {ELPA21 Item Development Process Report},
  year   = {2015},
}

@Misc{ielts2023,
  author  = {{International English Language Testing System}},
  title   = {Test format: speaking},
  year    = {2023},
  url     = {https://www.ielts.org/en-us/for-test-takers/test-format},
  urlyear = {2023-05-21},
}

@Article{johnson2019effects,
  author    = {Johnson, Angela},
  journal   = {AERA Open},
  title     = {The effects of English learner classification on high school graduation and college attendance},
  year      = {2019},
  number    = {2},
  pages     = {2332858419850801},
  volume    = {5},
  publisher = {SAGE Publications Sage CA: Los Angeles, CA},
}

@Misc{pearson2019versant,
  author = {{Pearson Education, Inc.}},
  title  = {Versant English Test: Test description and validation summary},
  year   = {2019},
}

@Misc{johnston2019using,
  author = {Marlene Johnston and Gabriela Finn and Jonathan Wolfe and Masa Suzuki and Hiro Fukuhara},
  title  = {Using an Integrated Approach to Improve the Development and Scoring of Technology-based Speaking Tests},
  year   = {2019},
}

@Article{chen2018automated,
  author    = {Chen, Lei and Zechner, Klaus and Yoon, Su-Youn and Evanini, Keelan and Wang, Xinhao and Loukina, Anastassia and Tao, Jidong and Davis, Lawrence and Lee, Chong Min and Ma, Min and others},
  journal   = {ETS Research Report Series},
  title     = {Automated scoring of nonnative speech using the speechrater sm v. 5.0 engine},
  year      = {2018},
  number    = {1},
  pages     = {1--31},
  volume    = {2018},
  publisher = {Wiley Online Library},
}

@InCollection{zhang2019assessing,
  author    = {Zhang, Mo and Yao, Lili and Haberman, Shelby J and Dorans, Neil J},
  booktitle = {Automated speaking assessment},
  publisher = {Routledge},
  title     = {Assessing Scoring Accuracy and Assessment Accuracy for Spoken Responses: Using Human and Machine Scores},
  year      = {2019},
  pages     = {32--58},
}

@Article{godfrey1997switchboard,
  author  = {Godfrey, John J and Holliman, Edward},
  journal = {Linguistic Data Consortium, Philadelphia},
  title   = {Switchboard-1 Release 2},
  year    = {1997},
  pages   = {927},
  volume  = {926},
}

@InProceedings{tao2016exploring,
  author       = {Tao, Jidong and Ghaffarzadegan, Shabnam and Chen, Lei and Zechner, Klaus},
  booktitle    = {2016 IEEE International conference on acoustics, speech and signal processing (ICASSP)},
  title        = {Exploring deep learning architectures for automatically grading non-native spontaneous speech},
  year         = {2016},
  organization = {IEEE},
  pages        = {6140--6144},
}

@InProceedings{cheng2014automatic,
  author    = {Cheng, Jian and Dâ€™Antilio, Yuan Zhao and Chen, Xin and Bernstein, Jared},
  booktitle = {Proceedings of the ninth workshop on innovative use of NLP for building educational applications},
  title     = {Automatic assessment of the speech of young English learners},
  year      = {2014},
  pages     = {12--21},
}

@Article{xiong2016achieving,
  author  = {Xiong, Wayne and Droppo, Jasha and Huang, Xuedong and Seide, Frank and Seltzer, Mike and Stolcke, Andreas and Yu, Dong and Zweig, Geoffrey},
  journal = {arXiv preprint arXiv:1610.05256},
  title   = {Achieving human parity in conversational speech recognition},
  year    = {2016},
}

@InCollection{yoon2019features,
  author    = {Yoon, Su-Youn and Lu, Xiaofei and Zechner, Klaus},
  booktitle = {Automated Speaking Assessment},
  publisher = {Routledge},
  title     = {Features measuring vocabulary and grammar},
  year      = {2019},
  pages     = {123--137},
}

@Article{brown2005examination,
  author    = {Brown, Annie and Iwashita, Noriko and McNamara, Tim},
  journal   = {ETS Research Report Series},
  title     = {An examination of rater orientations and test-taker performance on English-for-academic-purposes speaking tasks},
  year      = {2005},
  number    = {1},
  pages     = {i--157},
  volume    = {2005},
  publisher = {Wiley Online Library},
}

@InCollection{hsieh2019features,
  author    = {Hsieh, Ching-Ni and Zechner, Klaus and Xi, Xiaoming},
  booktitle = {Automated Speaking Assessment},
  publisher = {Routledge},
  title     = {Features measuring fluency and pronunciation},
  year      = {2019},
  pages     = {101--122},
}

@InCollection{loukina2019scoring,
  author    = {Loukina, Anastassia and Yoon, Su-Youn},
  booktitle = {Automated Speaking Assessment},
  publisher = {Routledge},
  title     = {Scoring and filtering models for automated speech scoring},
  year      = {2019},
  pages     = {75--98},
}

@InCollection{qian2019automatic,
  author    = {Qian, Yao and Lange, Patrick and Evanini, Keelan},
  booktitle = {Automated Speaking Assessment},
  publisher = {Routledge},
  title     = {Automatic speech recognition for automated speech scoring},
  year      = {2019},
  pages     = {61--74},
}

@InProceedings{chen2018end,
  author       = {Chen, Lei and Tao, Jidong and Ghaffarzadegan, Shabnam and Qian, Yao},
  booktitle    = {2018 IEEE International Conference on Acoustics, Speech and Signal Processing (ICASSP)},
  title        = {End-to-end neural network based automated speech scoring},
  year         = {2018},
  organization = {IEEE},
  pages        = {6234--6238},
}

@InCollection{zechner2019summary,
  author    = {Zechner, Klaus},
  booktitle = {Automated speaking assessment},
  publisher = {Routledge},
  title     = {Summary and outlook on automated speech scoring},
  year      = {2019},
  pages     = {192--204},
}

@InProceedings{loukina2015feature,
  author    = {Loukina, Anastassia and Zechner, Klaus and Chen, Lei and Heilman, Michael},
  booktitle = {Proceedings of the Tenth Workshop on Innovative Use of NLP for Building Educational Applications},
  title     = {Feature selection for automated speech scoring},
  year      = {2015},
  pages     = {12--19},
}

@Comment{jabref-meta: databaseType:bibtex;}
